<record><leader>00000cas a2200000 a 4500</leader><controlfield tag="001">8821164</controlfield><controlfield tag="008">820930d18891974iludn ne      0   a0eng  </controlfield><datafield ind1=" " ind2=" " tag="010"><subfield code="a">sn 82015570 </subfield></datafield><datafield ind1=" " ind2=" " tag="040"><subfield code="a">DLC</subfield><subfield code="b">eng</subfield><subfield code="c">DLC</subfield><subfield code="d">NVF</subfield><subfield code="d">CVF</subfield><subfield code="d">NVF</subfield><subfield code="d">OCLCO</subfield><subfield code="d">OCLCF</subfield><subfield code="d">NVF</subfield><subfield code="d">OCLCO</subfield><subfield code="d">OCL</subfield></datafield><datafield ind1=" " ind2=" " tag="042"><subfield code="a">pcc</subfield></datafield><datafield ind1=" " ind2=" " tag="043"><subfield code="a">n-us-il</subfield></datafield><datafield ind1="0" ind2="0" tag="050"><subfield code="a">Newspaper</subfield></datafield><datafield ind1="0" ind2=" " tag="130"><subfield code="a">Illinois State journal (Springfield, Ill. : 1889)</subfield></datafield><datafield ind1="1" ind2="0" tag="245"><subfield code="a">Illinois State journal.</subfield></datafield><datafield ind1="1" ind2=" " tag="246"><subfield code="i">Published on Sundays as:</subfield><subfield code="a">Springfield Sunday journal</subfield><subfield code="f">Feb. 16, 1890-Oct. 3, 1909 and July 29, 1917-Jan. 15, 1922</subfield></datafield><datafield ind1="1" ind2=" " tag="246"><subfield code="i">Published on Sundays and holidays as:</subfield><subfield code="a">Illinois State journal and register</subfield><subfield code="f">May 17, 1942-June 18, 1961</subfield></datafield><datafield ind1="1" ind2=" " tag="246"><subfield code="i">Published on holidays as:</subfield><subfield code="a">Illinois State journal and register</subfield><subfield code="f">July 4, 1961-Jan. 1, 1971</subfield></datafield><datafield ind1="1" ind2=" " tag="246"><subfield code="i">Published on Saturdays, Sundays, and holidays as:</subfield><subfield code="a">State journal-register</subfield><subfield code="f">Apr. 3, 1971-June 30, 1974</subfield></datafield><datafield ind1="1" ind2=" " tag="246"><subfield code="i">Published on Sundays as:</subfield><subfield code="a">State journal-register</subfield><subfield code="f">June 25, 1961-Mar. 28, 1971</subfield></datafield><datafield ind1="3" ind2=" " tag="246"><subfield code="a">State journal register</subfield></datafield><datafield ind1=" " ind2=" " tag="260"><subfield code="a">Springfield [Ill.] :</subfield><subfield code="b">Illinois State Journal Co.,</subfield><subfield code="c">1889-1974.</subfield></datafield><datafield ind1=" " ind2=" " tag="300"><subfield code="a">v.</subfield></datafield><datafield ind1=" " ind2=" " tag="310"><subfield code="a">Daily (except some federal holidays),</subfield><subfield code="b">Feb. 16, 1890-June 30, 1974</subfield></datafield><datafield ind1=" " ind2=" " tag="321"><subfield code="a">Daily (except Sunday),</subfield><subfield code="b">June 29, 1889-Feb. 15, 1890</subfield></datafield><datafield ind1="0" ind2=" " tag="362"><subfield code="a">June 29, 1889-v. 14, no. 2 (June 30, 1974).</subfield></datafield><datafield ind1=" " ind2=" " tag="515"><subfield code="a">Saturday issues Apr. 3, 1971-June 30, 1974 and all Sunday and holiday issues have their own numbering.</subfield></datafield><datafield ind1=" " ind2=" " tag="580"><subfield code="a">Semiweekly ed.: Illinois State journal (Springfield, Ill. : Weekly), 1889-&lt;1910&gt;.</subfield></datafield><datafield ind1=" " ind2=" " tag="580"><subfield code="a">Merged with: Illinois State register (Springfield, Ill. : 1891), to form: State journal-register (Springfield, Ill.).</subfield></datafield><datafield ind1=" " ind2="0" tag="651"><subfield code="a">Springfield (Ill.)</subfield><subfield code="v">Newspapers.</subfield></datafield><datafield ind1=" " ind2="0" tag="651"><subfield code="a">Illinois</subfield><subfield code="v">Newspapers.</subfield></datafield><datafield ind1=" " ind2="7" tag="651"><subfield code="a">Illinois</subfield><subfield code="2">fast</subfield><subfield code="0">(OCoLC)fst01205143</subfield></datafield><datafield ind1=" " ind2="7" tag="651"><subfield code="a">Illinois</subfield><subfield code="z">Springfield.</subfield><subfield code="2">fast</subfield><subfield code="0">(OCoLC)fst01204937</subfield></datafield><datafield ind1=" " ind2="7" tag="655"><subfield code="a">Newspapers.</subfield><subfield code="2">fast</subfield><subfield code="0">(OCoLC)fst01423814</subfield></datafield><datafield ind1=" " ind2=" " tag="752"><subfield code="a">United States</subfield><subfield code="b">Illinois</subfield><subfield code="c">Sangamon</subfield><subfield code="d">Springfield.</subfield></datafield><datafield ind1="1" ind2=" " tag="775"><subfield code="t">Illinois State journal (Springfield, Ill. : Weekly)</subfield><subfield code="w">(DLC)sn 84020748</subfield><subfield code="w">(OCoLC)11504887</subfield></datafield><datafield ind1="0" ind2="0" tag="780"><subfield code="t">Daily Illinois State journal (Springfield, Ill. : 1886)</subfield><subfield code="w">(DLC)sn 82016067</subfield><subfield code="w">(OCoLC)9146518</subfield></datafield><datafield ind1="1" ind2="7" tag="785"><subfield code="t">Illinois state register (Springfield, Ill. : 1891)</subfield><subfield code="w">(DLC)sn 82016059</subfield><subfield code="w">(OCoLC)9143867</subfield></datafield><datafield ind1="1" ind2="7" tag="785"><subfield code="t">State journal-register (Springfield, Ill.)</subfield><subfield code="w">(DLC)sn 82015553</subfield><subfield code="w">(OCoLC)8821066</subfield></datafield><datafield ind1="1" ind2=" " tag="029"><subfield code="a">AU@</subfield><subfield code="b">000003749821</subfield></datafield></record>